<?xml version="1.0" encoding="UTF-8"?><collection xmlns="http://www.loc.gov/MARC21/slim"><record><leader>00438nam--2200133-i-4500</leader><controlfield tag="001">000047836</controlfield><controlfield tag="002">20161230</controlfield><controlfield tag="005">20161230201046</controlfield><controlfield tag="008">060222s1000------------r-----000-0-eng-d</controlfield><datafield ind1=" " ind2=" " tag="080"><subfield code="a">546.791(043):548.7(043)</subfield></datafield><datafield ind1=" " ind2=" " tag="100"><subfield code="a">Wunsch, Paul Kenneth</subfield></datafield><datafield ind1=" " ind2=" " tag="245"><subfield code="a">A study of the spin-lattice and linear electric- field interaction in caf2:u4.thesis</subfield></datafield><datafield ind1=" " ind2=" " tag="260"><subfield code="a">Ann Arbor, Michigan, University Microfilms, A. Xerox Company, 1972, 115p</subfield></datafield><datafield ind1=" " ind2=" " tag="852"><subfield code="a">40570</subfield></datafield></record></collection>